@article{Beaumont,
    author  = "Beaumont",
    title   = "Approximate bayesian computation in Evolution and Ecology.",
    year    = "2010",
    journal = "Annual Review of Ecology, Evolution and Systematics",
    volume  = "41",
    number  = "",
    pages   = "379-406"
}

@article{BlumTran,
    author  = "Michael G.B. Blum, Viet Chi Tran",
    title   = "Approximate bayesian computation for epidemiological models : Applications to the Cuban HIV-AIDS epidemic with contact tracing and unobserved infectious population.",
    year    = "2009",
    journal = "",
    volume  = "",
    number  = "",
    pages   = ""
}

@article{Clemencon,
    author  = "S. Clemencon, V.C. Tran , and H. De Arazoza",
    title   = "A stochastic SIR model with contact tracing : large population limit with statistical applications",
    year    = "2008",
    journal = "Journal of Biological Dynamics",
    volume  = "",
    number  = "",
    pages   = ""
}


